<record><leader>00000cas a2200000 a 4500</leader><controlfield tag="001">9060446</controlfield><controlfield tag="008">821216d19801985inuwr ne      0   a0eng d</controlfield><datafield ind1=" " ind2=" " tag="010"><subfield code="a">sn 87056077 </subfield></datafield><datafield ind1=" " ind2=" " tag="040"><subfield code="a">IND</subfield><subfield code="b">eng</subfield><subfield code="c">IND</subfield><subfield code="d">IUL</subfield><subfield code="d">NSD</subfield><subfield code="d">NPI</subfield><subfield code="d">IUL</subfield><subfield code="d">OCL</subfield><subfield code="d">OCLCF</subfield><subfield code="d">OCLCO</subfield><subfield code="d">IUL</subfield></datafield><datafield ind1=" " ind2=" " tag="042"><subfield code="a">msc</subfield></datafield><datafield ind1=" " ind2=" " tag="043"><subfield code="a">n-us-in</subfield></datafield><datafield ind1=" " ind2=" " tag="090"><subfield code="a">AN2.A3</subfield><subfield code="b">M57</subfield></datafield><datafield ind1="0" ind2="4" tag="245"><subfield code="a">The Mishawaka enterprise record.</subfield></datafield><datafield ind1="0" ind2="3" tag="246"><subfield code="a">Mishawaka enterprise</subfield></datafield><datafield ind1=" " ind2=" " tag="260"><subfield code="a">Mishawaka, Ind. :</subfield><subfield code="b">Sam Mercantini,</subfield><subfield code="c">1980-1985.</subfield></datafield><datafield ind1=" " ind2=" " tag="300"><subfield code="a">v. :</subfield><subfield code="b">ill. ;</subfield><subfield code="c">43 cm.</subfield></datafield><datafield ind1=" " ind2=" " tag="310"><subfield code="a">Weekly</subfield></datafield><datafield ind1="0" ind2=" " tag="362"><subfield code="a">Vol. 125, no. 17 (Apr. 24, 1980)-v. 130, no. 6 (Feb. 7, 1985).</subfield></datafield><datafield ind1=" " ind2=" " tag="500"><subfield code="a">"An independent weekly newspaper devoted to the interests and welfare of the people of Mishawaka."</subfield></datafield><datafield ind1=" " ind2="0" tag="651"><subfield code="a">Mishawaka (Ind.)</subfield><subfield code="v">Periodicals.</subfield></datafield><datafield ind1=" " ind2="0" tag="651"><subfield code="a">Saint Joseph County (Ind.)</subfield><subfield code="v">Periodicals.</subfield></datafield><datafield ind1=" " ind2="7" tag="651"><subfield code="a">Indiana</subfield><subfield code="z">Mishawaka.</subfield><subfield code="2">fast</subfield><subfield code="0">(OCoLC)fst01222762</subfield></datafield><datafield ind1=" " ind2="7" tag="651"><subfield code="a">Indiana</subfield><subfield code="z">Saint Joseph County.</subfield><subfield code="2">fast</subfield><subfield code="0">(OCoLC)fst01211959</subfield></datafield><datafield ind1=" " ind2="7" tag="655"><subfield code="a">Periodicals.</subfield><subfield code="2">fast</subfield><subfield code="0">(OCoLC)fst01411641</subfield></datafield><datafield ind1=" " ind2=" " tag="752"><subfield code="a">United States</subfield><subfield code="b">Indiana</subfield><subfield code="c">Saint Joseph</subfield><subfield code="d">Mishawaka.</subfield></datafield><datafield ind1="0" ind2="0" tag="780"><subfield code="t">Enterprise-record</subfield><subfield code="w">(DLC)sn 87055784</subfield><subfield code="w">(OCoLC)15560027</subfield></datafield><datafield ind1="0" ind2="0" tag="785"><subfield code="t">Mishawaka enterprise (Mishawaka, Ind. : 1985)</subfield><subfield code="x">8750-829X</subfield><subfield code="w">(DLC)sn 85009779</subfield><subfield code="w">(OCoLC)11848002</subfield></datafield><datafield ind1=" " ind2=" " tag="936"><subfield code="a">Unknown</subfield><subfield code="a">June 9, 1983</subfield></datafield></record>